2994 4763
1517 509 1544 519 -
1587 467 1722 537 136
1757 507 1786 518 -

788 591 860 654 In
877 570 1086 657 Persia
1110 640 1127 672 ,
1156 594 1322 658 circa
1349 597 1655 661 Teheram
1685 608 1748 660 et
1770 596 2061 679 Ispaham
2085 595 2189 683 (v.
2229 616 2282 661 s.
2322 598 2385 660 in
2410 599 2593 662 herb.

697 695 863 758 Mus,
915 698 1085 762 Paris
1109 748 1127 779 ‚
1166 720 1244 763 ex
1277 699 1412 764 itin.
1460 701 1694 765 Olivier
1724 712 1788 764 et
1817 701 1882 763 in
1911 701 2093 765 herb.
2132 699 2419 787 Belang.)

787 823 851 903 β.
897 821 1251 910 aeutifolia
1278 869 1295 899 ‚
1347 821 1515 886 foliis
1555 822 1842 886 omnibus
1872 822 2157 906 oblongis
2199 825 2595 890 acuti‘usculis
2684 884 2689 887 ,

692 929 790 991 vel
820 927 1038 991 acutis.
1084 929 1152 990 In
1190 928 1454 992 desertis
1487 929 1738 992 Persiae.
1792 930 2038 993 Aucher
2071 935 2266 994 2956.
2306 930 2392 1016 (v.
2432 953 2486 996 5.
2525 933 2587 995 in

692 1033 870 1098 herb.
908 1034 1073 1122 DC.)

784 1241 845 1294 2.
885 1233 946 1295 S.
996 1232 1155 1296 ΚΛΗ
1196 1231 1401 1318 (Ten.
1433 1229 1607 1320 Syll.
1643 1231 1717 1318 fl.
1757 1231 1939 1321 Nap.
1968 1257 2040 1321 p.
2086 1239 2271 1321 124.)
2296 1236 2602 1300 herbacea

691 1337 1111 1420 procumbens
1150 1339 1249 1400 vel
1294 1337 1619 1401 suberecta
1644 1386 1661 1417 ,
1713 1351 2078 1421 asperasaut
2109 1339 2359 1421 glabra,
2405 1340 2592 1404 ramis

687 1443 948 1507 alternis
974 1444 1452 1509 ascendentibus
1473 1493 1490 1526 ‚
1529 1445 1689 1509 foliis
1723 1445 1977 1508 alternis
2002 1445 2300 1509 subulatis
2320 1447 2589 1531 spinosis

691 1549 970 1611 carnosis
995 1596 1012 1629 ,
1038 1549 1307 1612 bracteis
1341 1548 1738 1631 longiusculis
1785 1548 1930 1612 folio
1962 1548 2156 1613 florali
2199 1550 2587 1615 brevioribus
2710 1562 2715 1566 ’

693 1656 1013 1744 perigenio
1046 1654 1362 1718 fructifero
1394 1655 1898 1738 sublongioribus
1920 1703 1936 1736 ,
1974 1655 2229 1721 floribus
2260 1657 2590 1721 subsolita-

690 1762 799 1825 riis
819 1809 835 1841 ,
868 1761 982 1823 alis
1005 1780 1102 1822 am
1113 1760 1235 1844 plis
1262 1759 1835 1825 suborbicularibus
1863 1761 2391 1845 subinaequalibus
2414 1776 2594 1847 patu—

688 1866 763 1929 lis
803 1864 1144 1929 subroseis.
2586 1938 2590 1942 Δ

774 1974 844 2036 In
870 1973 1114 2057 Europa
1132 2020 1147 2050 ,
1178 1971 1348 2049 Asia,
1378 1972 1661 2035 America
1685 1985 1746 2036 et
1761 1971 1969 2037 Africa
1991 1971 2256 2054 boreali,
2285 1971 2591 2036 adlittora

685 2100 901 2144 maris.
2116 2138 2119 2141 .

774 2185 977 2267 Pei-ig.
1016 2183 1221 2248 foliola
1260 2185 1645 2265 acuminata,
1682 2186 1811 2248 alas
1844 2184 2294 2268 subaequantia.

774 2315 837 2352 α.
883 2284 1062 2351 hirta
1117 2285 1332 2376 (Ten.
1382 2286 1427 2350 l.
1474 2293 1571 2364 e.)
1631 2287 2044 2373 procumbens
2095 2300 2199 2352 aut
2239 2288 2586 2353 ascendens

684 2394 847 2458 hirta
888 2412 1109 2478 aspera
1148 2391 1531 2458 viridescens
1556 2442 1572 2475 ,
1628 2394 1740 2457 alis
1787 2393 2125 2457 subroseis.
2173 2393 2407 2458 Salsola
2447 2393 2585 2458 Kali

689 2499 901 2565 Limz.
924 2498 1111 2587 Spec.
1147 2506 1295 2563 322.
1318 2539 1406 2550 -
1427 2500 1564 2565 Kali
1591 2500 1753 2564 Soda
1768 2496 2066 2575 Maeneh,
2100 2496 2299 2564 Meth.
2327 2523 2395 2587 p.
2423 2506 2574 2565 331.

683 2605 1024 2669 —Salsola
1050 2603 1427 2671 decumbens
1449 2604 1643 2671 Lam.
1682 2605 1790 2670 Fl.
1822 2603 1942 2669 Fr.
1978 2610 2038 2667 3.
2066 2628 2139 2692 p.
2177 2607 2326 2668 241.
2359 2603 2449 2687 (v.
2481 2616 2571 2684 v.)

699 2777 702 2780 .
778 2714 840 2796 β.
871 2709 1108 2798 qlahra
1146 2709 1338 2788 (Ten.
1380 2711 1425 2775 l.
1456 2709 1550 2797 e.)
1583 2711 1908 2775 suberecta
1935 2709 2152 2793 glabra
2177 2708 2426 2789 viridis,
2461 2709 2576 2773 alis

683 2816 998 2880 subroseis
1023 2831 1126 2881 aut
1158 2819 1375 2880 roseis.
1406 2817 1475 2879 In
1504 2817 1745 2899 Europa
1765 2815 2044 2898 australi.
2078 2816 2311 2879 Salsola
2335 2816 2576 2898 Tragus

680 2918 894 2985 Linn.
939 2917 1123 3009 Spec.
1181 2927 1331 2985 322.
1361 2957 1450 2968 -
1479 2919 1620 2984 Κ3Ιί
1655 2920 1896 3003 Tragus
1933 2909 2124 3008 Scap.
2180 2917 2381 2984 Carn.
2417 2926 2475 2983 1.
2499 2940 2568 3004 p.

688 3032 838 3092 175.
882 3064 971 3075 —
1018 3028 1251 3091 Salsola
1302 3027 1554 3111 spinosa
1597 3024 1789 3090 Lam.
1848 3025 1957 3089 Fe.
2001 3026 2121 3090 Fr.
2179 3031 2240 3089 3.
2279 3049 2355 3112 p.
2417 3027 2569 3089 241.

683 3130 781 3216 (v.
818 3133 912 3220 v.)

768 3262 808 3324 γ
859 3237 1156 3313 rabello,
1228 3239 1554 3303 suberecta
1608 3239 1822 3322 glabra
1875 3253 2332 3323 purpurascens
2362 3281 2378 3313 ,
2459 3235 2574 3299 alis

680 3345 896 3408 roseis.
945 3347 1014 3408 In
1048 3345 1346 3430 Hispania
1368 3393 1384 3425 ,
1416 3329 1724 3410 Carolina.
1755 3345 1987 3409 Salsola
2012 3358 2260 3406 rosacea
2277 3339 2573 3426 plerum-

678 3470 800 3534 que
844 3448 1049 3513 Auet.
1088 3472 1224 3511 mon
1272 3448 1482 3513 Limz.
1535 3473 1677 3512 nec.
1722 3448 1906 3512 Bieh.
1943 3446 2289 3509 —Salsola
2326 3444 2569 3508 Caroli-

677 3555 884 3630 niana.
921 3552 1281 3620 Miethl.
1306 3554 1443 3621 bor.
1471 3556 1635 3619 Am.
1679 3563 1737 3619 1.
1765 3580 1838 3642 p.
1884 3557 2034 3617 174.
2067 3551 2162 3641 (v.
2209 3553 2297 3637 s.)

765 3656 828 3730 δ.
879 3661 1272 3750 tenuifolia,
1325 3661 1649 3725 suberecta
1680 3677 1898 3743 aspera
1944 3670 2048 3721 aut
2093 3658 2347 3741 glabra,
2398 3655 2558 3722 foliis

676 3765 961 3831 tenuibus
985 3766 1484 3831 subfilil'ormibus
1507 3813 1524 3844 ,
1554 3764 1667 3828 alis
1690 3762 2127 3830 conformibus.
2160 3763 2257 3829 Ad
2279 3764 2550 3828 Balkam.

608 3847 614 3853 ’
672 3872 934 3962 (Besser
977 3872 1040 3935 in
1088 3872 1263 3937 herb.
1317 3869 1479 3957 DC.)
