2994 4763
612 524 989 588 hicularibus
1038 526 1132 588 vel
1191 525 1783 607 triangulari-ovans
1839 527 2075 589 obtusis
2128 517 2498 589 nuicronatis

610 630 985 714 subintegris
1017 629 1326 695 undulatis
1356 632 1782 695 crassiusculis
1805 633 2059 716 pulvere
2083 632 2334 716 copioso
2365 633 2498 694 ins-

609 738 824 802 tructis
856 738 1116 802 obscure
1149 739 1414 802 cinereis
1436 786 1453 818 ‚
1506 722 1764 802 racemis
1796 739 2293 823 suhcorymbosis
2333 758 2501 803 com-

608 846 805 932 pactis
836 846 1215 930 subaphyllis
1224 894 1357 910 .....

695 952 765 1013 In
794 950 1047 1013 Peruvia
1086 948 1171 1034 (v.
1212 971 1265 1013 s.
1296 969 1373 1014 ex
1404 950 1539 1012 itin.
1579 948 1921 1035 Gaudich.)

698 1144 800 1199 21.
833 1136 902 1198 C.
947 1136 1395 1201 Smnwmmwm
1416 1182 1432 1214 ‚
1462 1136 1636 1198 caule
1660 1147 1866 1199 erecto
1889 1138 2074 1219 parce
2100 1155 2364 1215 ramos0,
2403 1136 2495 1199 fo-

594 1242 702 1306 'liis
748 1241 1000 1305 alternis
1054 1243 1318 1306 tenuiter
1370 1242 1679 1326 petiolatis
1726 1241 2036 1305 rhombeis
2083 1243 2490 1307 obtusissimis

601 1345 1142 1411 sinuato-dentatis
1188 1347 1548 1411 subtrilobis
1587 1344 1872 1409 farinosis
1910 1332 2177 1429 glaucis,
2230 1349 2488 1412 racemis

598 1453 965 1539 paniculatis
1018 1453 1447 1518 ramosissimis
1497 1452 1658 1516 laxis
1711 1455 2125 1518 concatenatis
2177 1456 2439 1545 aphyllis
2468 1501 2484 1533 ,

598 1557 918 1642 perigonio
942 1555 1254 1623 fructifero
1288 1575 1409 1619 non
1444 1555 1720 1618 carinato
1743 1602 1759 1634 ‚
1812 1557 2043 1620 semine
2070 1577 2293 1641 rugoso
2322 1576 2490 1622 mar-

600 1663 743 1743 gine
767 1661 1063 1725 subacuto
1088 1665 1116 1722 ἱ)

685 1768 756 1830 In
782 1767 1001 1830 insulis
1027 1766 1467 1833 Sandwicheis.

725 1843 1518 1871 w

685 1873 1097 1936 Awoue·voue
1119 1870 1531 1934 [molarum.
1573 1871 1658 1957 (v.
1697 1892 1749 1934 s.
1782 1892 1859 1938 ex
1885 1872 2021 1934 itin.
2062 1874 2405 1957 Gaudich.)

693 2057 796 2111 22.
835 2048 903 2111 C.
942 2068 1144 2112 vnum-3
1168 2045 1422 2135 (Li‘mz.
1460 2044 1646 2133 Spee.
1698 2053 1849 2127 319,
1885 2070 2023 2109 non
2071 2045 2248 2112 Cure.
2276 2048 2300 2136 )
2326 2051 2498 2113 caule

600 2152 905 2238 herbaceo
928 2165 1135 2215 erecto
1162 2170 1401 2214 ramoso
1425 2198 1441 2229 ‚
1496 2148 1657 2212 foliis
1683 2151 1938 2214 alternis
1961 2152 2270 2235 petiolatis
2295 2154 2499 2215 rhom-

595 2254 733 2318 heis
790 2255 924 2317 basi
984 2256 1260 2317 cuneatis
1308 2271 1371 2317 et
1417 2254 1830 2336 integerrimis
1881 2255 2117 2319 obtusis
2165 2259 2262 2320 vel
2305 2258 2501 2335 acutis

602 2358 1144 2423 dentato-sinuatis
1182 2358 1399 2440 glauco
1424 2358 1520 2422 vel
1545 2358 1812 2424 obscure
1844 2359 2146 2425 viridibus
2174 2409 2191 2441 ‚
2242 2364 2501 2427 racemis

596 2462 962 2548 paniculatis
995 2461 1371 2526 subramosis
1405 2462 1681 2526 sublaxis
1715 2463 2100 2547 subaphyllis
2128 2512 2144 2544 ‚
2179 2466 2499 2550 perigenio

597 2569 910 2635 fructifero
950 2569 1255 2648 carinato,
1306 2569 1539 2632 semine
1581 2571 1937 2653 punctulato
1980 2571 2179 2638 nitido
2220 2573 2496 2656 margine

603 2679 964 2743 subobtuso.
1545 2745 1550 2751 ⁶

679 2786 750 2848 In
780 2786 1043 2866 Europae
1065 2795 1128 2845 et
1156 2782 1456 2845 Americae
1487 2783 1756 2848 borealis
1787 2785 1970 2849 cultis
1998 2799 2060 2850 et
2082 2787 2271 2869 agris.

698 2885 1160 2970 Chenopodium
1184 2886 1352 2970 opuli
1374 2885 1520 2950 folio
1549 2883 1622 2950 V
1617 2886 1764 2951 aiu.
1788 2886 2013 2952 Paris.
2049 2897 2153 2953 36.
2182 2904 2229 2955 t.
2264 2897 2327 2953 7.
2347 2894 2404 2979 f.
2433 2899 2492 2956 1.

607 2993 983 3077 -Atriplex
1012 2988 1227 3054 viridis
1259 2986 1531 3070 Crantz,
1566 2988 1731 3054 Inst.
1767 2998 1827 3055 1.
1858 3015 1926 3078 p.
1972 2999 2120 3057 207.
2150 3030 2238 3042 —-
2261 2994 2332 3057 C.
2363 3014 2502 3058 ero-

608 3120 742 3165 sum
770 3098 952 3160 Bast.
973 3094 1219 3159 Journ.
1243 3093 1389 3159 Bot.
1433 3103 1493 3159 3.
1515 3120 1586 3184 p.
1616 3103 1721 3177 20,
1750 3120 1889 3161 non
1915 3097 1994 3161 R.
2032 3099 2494 3163 Brown.—-C.

607 3201 984 3289 opulifolium
1012 3196 1292 3263 Schrad.
1323 3201 1401 3261 in
1423 3197 1564 3261 DC.
1599 3200 1707 3265 Fe.
1734 3204 1827 3291 fr.
1871 3211 1931 3266 5.
1962 3204 2033 3290 p.
2077 3209 2225 3266 372.
2428 3211 2434 3217 “

701 3301 1160 3387 Chenopodium
1195 3302 1575 3394 opulifolium
1607 3306 1865 3370 Schrad.
1898 3321 1959 3370 et
1990 3307 2057 3370 C.
2093 3305 2289 3370 viride
2313 3306 2494 3372 Linn.

610 3415 779 3480 certe
847 3410 1061 3474 eadem
1130 3411 1392 3496 species.
1459 3413 1607 3475 Icon
1660 3413 1973 3476 Vaillantii
2036 3433 2176 3498 quae
2230 3417 2501 3500 plantam

609 3513 1116 3583 Schraderianam
1160 3514 1308 3577 satis
1355 3514 1471 3578 rite
1518 3515 1800 3594 exhibet,
1852 3512 1887 3578 a
1930 3517 2227 3581 celeberr.
2266 3520 2500 3584 Linneo

520 3645 525 3650 ·
614 3627 775 3688 inter
803 3621 1122 3707 synonima
1152 3621 1222 3684 C.
1260 3621 1478 3686 viridis
1510 3622 1784 3687 affertur.
1825 3621 1913 3711 (v.
1943 3623 2038 3710 v.)

663 3825 669 3830 -
706 3782 812 3840 23.
852 3795 1209 3838 GmAerum
1229 3770 1446 3858 (Bon,
1478 3772 1724 3839 Prodr.
1763 3773 1835 3859 fl.
1868 3773 2035 3863 Nep.
2060 3802 2128 3866 p.
2163 3779 2304 3868 75.)
2328 3785 2499 3846 caule
2573 3807 2574 3810 ¹
