2994 4763
1335 569 1363 578 -
1395 551 1472 595 11
1505 569 1535 581 -

490 671 577 748 in
622 663 882 745 lucem
924 662 1369 743 emitterem
1389 722 1416 762 ,
1469 689 1636 743 non
1681 658 1858 742 leve
1898 658 2377 741 incitamen-

496 816 674 880 tum
714 794 984 877 habui.
1064 822 1073 842 ι

611 932 793 1019 Non
822 928 1100 1013 multis
1131 930 1243 1014 ita
1274 931 1686 1014 mensibus
1701 966 1728 1034 ,
1790 961 1920 1012 me
1967 927 2377 1011 celeberri-

412 1158 417 1163 ,
494 1101 673 1154 mus
723 1071 935 1151 inter
1006 1070 1484 1167 recentiores
1552 1068 1972 1171 Botanicos
2034 1062 2383 1148 Candol-

494 1205 695 1308 lius,
757 1233 897 1285 seu
930 1204 1301 1286 amicitiae
1318 1266 1342 1305 ,
1398 1232 1543 1285 seu
1572 1200 1787 1285 facili
1818 1203 1922 1284 ad
1953 1199 2385 1313 indulgen-

494 1344 693 1429 tiam
725 1340 992 1420 animo
1024 1339 1520 1442 inservienS,
1574 1337 1677 1418 ad
1711 1366 1802 1419 ea
1837 1335 2389 1448 componenda

498 1475 879 1591 impulit,
942 1504 1133 1587 quae
1210 1476 1312 1556 de
1373 1456 1928 1587 Chenopodeis
2004 1473 2392 1557 hactenus

502 1614 953 1711 novissem,
999 1623 1078 1690 et
1124 1609 1794 1721 addigerendam
1845 1604 2173 1691 Ordinis
2223 1607 2396 1688 des-

511 1749 989 1860 criptionem
1038 1759 1526 1828 contractam
1550 1809 1575 1848 ,
1623 1776 1803 1859 quae
1836 1775 1983 1827 suo
2016 1744 2223 1827 libro
2257 1745 2392 1827 cui

502 1879 791 1973 titulus
813 1941 838 1981 ,
903 1877 1430 1960 Prodromus
1482 1885 1979 1989 systematis
2027 1898 2388 1961 natura-.-

512 2017 667 2116 lis,
717 2015 1145 2097 accederet.
1617 2000 1620 2003 i

627 2149 1040 2263 Quidquid
1090 2151 1341 2262 igitur
1388 2148 1687 2261 passim
1724 2163 2184 2232 notaveram
2216 2145 2396 2232 Mo·-

510 2285 979 2398 nographiae
1024 2286 1219 2367 meae
1260 2284 1751 2366 destinatum
1775 2345 1800 2386 ,
1854 2283 1939 2364 id
1973 2284 2401 2388 coarctavi,

512 2420 728 2504 unde
762 2417 1198 2534 Synopsim
1224 2420 1564 2502 ederem.

630 2553 836 2637 Dein
895 2557 1081 2637 cum
1133 2552 1538 2637 Genevam
1588 2555 1983 2650 venissem
2010 2616 2035 2656 ,
2093 2551 2405 2646 Herba-

517 2691 731 2771 rium
764 2706 842 2771 et
889 2692 1301 2793 eximiam,
1365 2688 1772 2772 Professor
1818 2688 2408 2773 illustrissimus

516 2822 1085 2907 Bibliothecam
1145 2827 1510 2937 aperuit,
1585 2855 1869 2938 meque
1933 2828 2411 2908 doctissimis

522 2958 870 3044 consiliis
921 2962 1405 3042 instructum
1447 2962 1773 3042 dimisit.
1833 2959 1990 3068 ‚Hic
2025 2963 2264 3043 etiam
2296 2963 2416 3077 ip-

522 3100 689 3179 sius
724 3094 1021 3177 notulis
1053 3111 1130 3178 et
1161 3097 1646 3209 quibusdam
1680 3094 1779 3176 ab
1823 3101 2124 3180 cotum
2171 3098 2418 3201 nove,

521 3236 696 3315 tum
750 3233 987 3312 etiam
1038 3230 1545 3344 sagacissime
1588 3234 1957 3343 repertis,
2010 3229 2416 3324 Libellum

524 3398 793 3450 meum
848 3366 1250 3450 illustrare
1301 3368 1550 3451 licuit.

644 3501 915 3601 Quum
980 3503 1169 3584 vero
1236 3499 1790 3615 Chenopodeae
1870 3518 2165 3586 nostrae
2236 3520 2418 3616 post
2502 3482 2508 3488 ³

529 3655 876 3748 quatuor
910 3639 1466 3720 tantummodo
1501 3668 1796 3741 annoS,
1855 3655 1996 3721 aut
2049 3640 2152 3720 ad
2196 3669 2418 3723 sum-

533 3800 754 3850 mum
783 3787 965 3882 post
997 3788 1159 3854 tres
1175 3835 1200 3874 ,
1227 3769 1651 3854 Prodromi
1682 3768 2200 3855 Candolleani
2232 3802 2420 3884 pars

538 3904 1032 4017 aliquantula
1084 3912 1170 3990 in
1223 3907 1481 3991 lucem
1530 3923 1891 3994 venturae
1946 3912 2110 3995 sint
2134 3971 2161 4009 ,
2215 3909 2422 3990 hanc
