2994 4763
965 775 1795 886 PRAEFATIO.

1196 1071 1570 1105 ,ψ-

552 1427 1270 1541 Chenopodearum
1300 1424 1855 1540 perdifficilem
1887 1427 2218 1539 cognitu
2252 1443 2335 1509 et

433 1566 871 1647 admodum
902 1563 1338 1646 obscurum
1370 1562 1733 1644 ordinem
1769 1623 1791 1661 ,
1847 1557 2143 1642 multos
2186 1590 2338 1673 per

322 1694 325 1697 ¹
437 1727 730 1796 annos,
789 1695 1064 1807 utpote
1095 1723 1347 1806 prope
1380 1697 1785 1806 ignotum,
1832 1692 2331 1776 lucubratio-

436 1831 676 1913 nibus
708 1831 1075 1930 diutinis,
1109 1857 1590 1984 summoque
1614 1829 1932 1930 studiO,
1956 1830 2043 1910 in
2068 1827 2336 1910 lucem

437 1999 537 2081 pl
538 1967 796 2051 oferre
827 1966 1109 2055 enixus
1143 1995 1350 2047 sum.

553 2101 973 2187 Familiam
1004 2116 1255 2184 totam
1288 2115 1368 2184 et
1398 2102 1697 2213 species
1729 2129 2011 2182 omnes
2042 2101 2336 2214 singu-

443 2237 667 2323 latim
715 2250 1366 2350 perscrutaturus
1395 2297 1419 2336 ‚
1492 2233 1910 2346 complura
1956 2249 2099 2317 aut
2155 2235 2342 2317 viva

452 2389 592 2457 aut
651 2374 1032 2456 exsiccata
1086 2371 1518 2484 specimina
1575 2367 1856 2483 collegi
1880 2403 1909 2477 3*
1961 2369 2340 2453 herbaria

452 2509 734 2596 Musaei
785 2509 1256 2593 Parisiensis
1301 2523 1380 2592 et
1431 2506 1875 2592 Facultatis
1917 2510 2345 2592 medicinae

452 2643 1057 2755 Monspeliensis
1090 2644 1532 2757 praesertim
1563 2644 1648 2724 in
1680 2672 1922 2725 usum
1952 2643 2338 2749 adhibui,

445 2795 523 2861 et
573 2774 1142 2888 Chenopodeas
1199 2776 1676 2862 Iussiaeanas
1696 2839 1727 2879 ,
1813 2774 2292 2860 Chaixianas
2314 2842 2342 2881 ,

447 2909 1091 3024 Lapeyrusianas
1112 2973 1139 3011 ,
1196 2910 1685 2993 Poiretianas
1711 2972 1766 3012 „
1816 2910 2337 2993 Fontanesia-

444 3074 592 3129 wnas
620 3108 652 3147 ,
753 3024 1689 3157 Labillardiereanasque
1775 3048 1862 3126 in
1941 3042 2342 3128 herbariis

445 3180 796 3291 propriis
840 3178 1039 3259 mihi
1092 3180 1331 3260 etiam
1385 3194 1879 3291 pertractare
1922 3178 2232 3290 obtigit.

563 3311 729 3398 Nec
794 3314 990 3393 meis
1048 3316 1367 3404 tantum
1415 3312 1772 3406 confisus
1818 3312 2129 3395 viribus
2180 3312 2348 3396 tale

447 3451 778 3563 aggredi
811 3480 1056 3532 ausus
1092 3480 1274 3532 sum
1322 3480 1577 3563 opus3
1632 3451 1852 3533 haud
1885 3467 2156 3534 tamen
2188 3451 2350 3532 dis-

453 3583 714 3694 cipulo
748 3587 1020 3667 deerat
1053 3582 1634 3698 Magistrorum
1666 3588 2012 3669 amicitia
2043 3619 2072 3695 3
2112 3586 2346 3697 adju·

452 3748 637 3800 vere
677 3723 1006 3834 insuper
1039 3722 1424 3806 doctrinis
1458 3728 1537 3806 et
1568 3722 2078 3805 humanitate
2097 3732 2348 3838 praes-

451 3854 880 3963 'cautissimi
909 3853 1129 3963 Viri3
1161 3886 1420 3969 neque
1453 3856 1581 3939 hie
1617 3888 1894 3970 parem
1927 3889 2076 3971 pro
2101 3858 2345 3940 bene-

2112 4015 2138 4065 ἰ
